% Encoding: UTF-8

@Book{Donald-2017-porous-media,
  title     = {Convection in porous media},
  publisher = {Springer},
  year      = {2017},
  author    = {Donald A. Nield Adrian Bejan},
  volume    = {3},
}

@Book{poling2001properties,
  title     = {The properties of gases and liquids},
  publisher = {Mcgraw-hill New York},
  year      = {2001},
  author    = {Poling, Bruce E and Prausnitz, John M and John Paul, O'Connell and Reid, Robert C},
  volume    = {5},
}

@Book{yan2010CVD,
  title     = {Chemical vapour deposition: an integrated engineering design for advanced materials},
  publisher = {Springer Science \& Business Media},
  year      = {2010},
  author    = {Yan, Xiu-Tian and Xu, Yongdong},
}

@Book{cussler2009diffusion,
  title     = {Diffusion: mass transfer in fluid systems},
  publisher = {Cambridge university press},
  year      = {2009},
  author    = {Cussler, Edward Lansing},
  owner     = {zousiyu},
}

@Comment{jabref-meta: databaseType:bibtex;}
